00590cas a22002291a 4500
001 999289653502836
003 Nz
005 20161223153000.0
008 040105d1962uuuunz  r ne      0   0 eng d
035    $a (NLNZils)928965
035    $a (Nz)8156638
035    $a (NLNZils)928965-ilsdb
035    $a (OCoLC)173421434
040    $a WN $c WN
042    $a nznb
043    $a u-nz---
245 00 $a Helensville times.
260    $a [Helensville, N.Z. : $b s.n., $c 1962-?]
310    $a Weekly
362 0  $a 1962 Jun.28-?
651  0 $a Helensville (N.Z.) $v Newspapers.
655  7 $a New Zealand newspapers. $2 local $5 Nz
